% This file was created with JabRef 2.10.
% Encoding: UTF-8


@Misc{hid-sp18-511-www-aws,
	Title                    = {Welcome to AWS documentation},
	
	Author                   = {Amazon Web Services},
	HowPublished             = {Web Page},
	Note                     = {Accessed: 2018-04-02},
	Year                     = {2018},
	
	Owner                    = {skhande},
	Timestamp                = {2018.04.02},
	Url                      = {https://aws.amazon.com/}
}

@Misc{hid-sp18-511-www-ec2,
	Title                    = {Welcome to AWS EC2 documentation},
	
	Author                   = {Amazon Web Services},
	HowPublished             = {Web Page},
	Note                     = {Accessed: 2018-04-02},
	Year                     = {2018},
	
	Owner                    = {skhande},
	Timestamp                = {2018.04.02},
	Url                      = {https://aws.amazon.com/ec2/}
}

@Misc{hid-sp18-511-www-spark,
	Title                    = {Welcome to Apache Spark documentation},
	
	Author                   = {Apache Spark},
	HowPublished             = {Web Page},
	Note                     = {Accessed: 2018-04-02},
	Year                     = {2018},
	
	Owner                    = {skhande},
	Timestamp                = {2018.04.02},
	Url                      = {https://spark.apache.org/}
}

@Misc{hid-sp18-511-www-hadoop,
	Title                    = {Welcome to Apache Hadoop documentation},
	
	Author                   = {Apache Hadoop},
	HowPublished             = {Web Page},
	Note                     = {Accessed: 2018-04-02},
	Year                     = {2018},
	
	Owner                    = {skhande},
	Timestamp                = {2018.04.02},
	Url                      = {http://hadoop.apache.org/}
}

@Misc{hid-sp18-511-www-ansible,
	Title                    = {Welcome to Ansible documentation},
	
	Author                   = {Ansible},
	HowPublished             = {Web Page},
	Note                     = {Accessed: 2018-04-02},
	Year                     = {2018},
	
	Owner                    = {skhande},
	Timestamp                = {2018.04.02},
	Url                      = {https://www.ansible.com/}
}