@Misc{hid-sp18-511-iics,
  Title        = {About The Informatica Integration Cloud Services}, 
  Author  	   = {Informatica},
  HowPublished = {Web Page},
  Timestamp    = {2018-03-17},
  Url = {https://www.informatica.com/products/cloud-integration.html#fbid=CaQhhmTzHcY},
}

@Misc{hid-sp18-511-iics-pricing,
	Title        = {About The Informatica Integration Cloud Services Pricing}, 
	Author  	 = {Informatica},
	HowPublished = {Web Page},
	Timestamp    = {2018-03-17},
	Url = {https://www.informatica.com/about-us/news/news-releases/2017/04/20170419-informatica-launches-flexible-pricing-model-for-data-integration-on-aws-marketplace.html#fbid=CTtvyMnytVc},
}

@Misc{hid-sp18-511-iics-api-mgmt,
	Title        = {Informatica Integration Cloud Services API management}, 
	Author  	 = {Informatica},
	HowPublished = {Web Page},
	Timestamp    = {2018-03-17},
	Url = {https://www.informatica.com/products/cloud-integration/integration-cloud/api-management.html#fbid=CTtvyMnytVc},
}

@Misc{hid-sp18-511-ipaas,
	Title        = {Informatica Integration Platform as a Service}, 
	Author  	 = {Informatica},
	HowPublished = {Web Page},
	Timestamp    = {2018-03-17},
	Url	         = {https://www.informatica.com/products/integration-platform-as-a-service.html#fbid=CTtvyMnytVc}
}

@Misc{hid-sp18-511-gcs,
	Title        = {Informatica Glocal Customer Support}, 
	Author  	 = {Informatica},
	HowPublished = {Web Page},
	Timestamp    = {2018-03-17},
	Url 		 = {https://www.informatica.com/services-and-training/support-services/contact-us.html#fbid=CTtvyMnytVc}
}

@Misc{hid-sp18-511-aws-redshift,
	Title        = {Amazon Redshift}, 
	Author  	 = {Amazon},
	HowPublished = {Web Page},
	Timestamp    = {2018-03-17},
	Url          = {https://aws.amazon.com/redshift/},
}

@Misc{hid-sp18-511-aws-s3,
	Title        = {Amazon S3}, 
	Author  	 = {Amazon},
	HowPublished = {Web Page},
	Timestamp    = {2018-03-17},
	Url          = {https://aws.amazon.com/s3/},
}

@Misc{hid-sp18-511-ms-azure-sql,
	Title        = {Microsoft Azure SQL Data Warehouse}, 
	Author  	 = {Microsoft},
	HowPublished = {Web Page},
	Timestamp    = {2018-03-17},
	Url          = {https://azure.microsoft.com/en-us/services/sql-data-warehouse/?v=17.44},
}

@Misc{hid-sp18-511-google-bigquery,
	Title        = {Google Bigquery}, 
	Author  	 = {Google},
	HowPublished = {Web Page},
	Timestamp    = {2018-03-17},
	Url          = {https://cloud.google.com/bigquery/},
}

@Misc{hid-sp18-511-snowflake,
	Title        = {Snowflake}, 
	Author  	 = {Snowlake},
	HowPublished = {Web Page},
	Timestamp    = {2018-03-17},
	Url          = {https://www.snowflake.net/},
}

@Misc{hid-sp18-511-salesforce,
	Title        = {Salesforce}, 
	Author  	 = {Salesforce},
	HowPublished = {Web Page},
	Timestamp    = {2018-03-17},
	Url          = {https://www.salesforce.com/},
}

@Misc{hid-sp18-511-edi,
	Title        = {EDI}, 
	Author  	 = {EDI},
	HowPublished = {Web Page},
	Timestamp    = {2018-03-17},
	Url          = {https://en.wikipedia.org/wiki/Electronic_data_interchange},
}










